
@book{abramson_electronic_1990,
  title = {Electronic Commonwealth: The Impact of New Media Technologies on Democratic Politics},
  shorttitle = {Electronic Commonwealth},
  author = {Abramson, Jeffrey B. and Orren, Gary R. and Arterton, F. Christopher},
  year = {1990},
  publisher = {Basic Books, Inc.}
}


@inproceedings{potthastCrowdsourcingLargeCorpus2018,
  title = {Crowdsourcing a Large Corpus of Clickbait on Twitter},
  booktitle = {Proceedings of the 27th International Conference on Computational Linguistics},
  author = {Potthast, Martin and Gollub, Tim and Komlossy, Kristof and Schuster, Sebastian and Wiegmann, Matti and Garces Fernandez, Erika Patricia and Hagen, Matthias and Stein, Benno},
  year = {2018},
  month = aug,
  pages = {1498--1507},
  publisher = {Association for Computational Linguistics},
  address = {Santa Fe, New Mexico, USA}
}





@article{mellonTwitterFacebookAre2017,
  title = {Twitter and Facebook are not representative of the general population: Political attitudes and demographics of British social media users},
  shorttitle = {Twitter and Facebook are not representative of the general population},
  author = {Mellon, Jonathan and Prosser, Christopher},
  year = {2017},
  month = jul,
  volume = {4},
  pages = {2053168017720008},
  issn = {2053-1680},
  doi = {10.1177/2053168017720008},
  journal = {Research \& Politics},
  number = {3}
}




@inproceedings{hu_breaking_2012,
	title = {Breaking News on Twitter},
	booktitle = {Proceedings of the SIGCHI Conference on Human Factors in Computing Systems},
	author = {Hu, Mengdie and Liu, Shixia and Wei, Furu and Wu, Yingcai and Stasko, John and Ma, Kwan-Liu},
	year = {2012},
	month = may,
	pages = {2751--2754},
	publisher = {Association for Computing Machinery},
	address = {Austin, Texas, USA},
	doi = {10.1145/2207676.2208672},
	isbn = {978-1-4503-1015-4},
	keywords = {breaking news,opinion leaders,social media,twitter},
	series = {CHI '12}
}

@misc{shearer_americans_2019,
	title = {Americans Are Wary of the Role Social Media Sites Play in Delivering the News},
	author = {Shearer, Elisa and Grieco, Elizabeth},
	year = {2019},
	month = oct,
	abstract = {Getting news from social media is an increasingly common experience; nearly three-in-ten U.S. adults do so often.},
	file = {/Users/tobinsouth/Zotero/storage/UBQ7QIH6/americans-are-wary-of-the-role-social-media-sites-play-in-delivering-the-news.html},
	journal = {Pew Research Center's Journalism Project},
	language = {en-US}
}

@article{vis_twitter_2013,
	title = {Twitter as a Reporting Tool for Breaking News},
	author = {Vis, Farida},
	year = {2013},
	month = feb,
	volume = {1},
	pages = {27--47},
	issn = {2167-0811},
	doi = {10.1080/21670811.2012.741316},
	journal = {Digital Journalism},
	keywords = {breaking news,crisis communication,social media,Twitter,UK riots},
	number = {1}
}



@misc{gable_media_2019,
	title = {Media Bias Ratings AllSides},
	author = {Gable, John and McDonald, Scott and Blades, Joan},
	year = {2019},
	file = {/Users/tobinsouth/Zotero/storage/YMTJHSYI/media-bias-ratings.html},
	howpublished = {https://www.allsides.com/media-bias/media-bias-ratings},
	journal = {Media Bias Ratings}
}



@inproceedings{gupta_100_2013,
  title = {\$1.00 per Rt \#bostonmarathon \#prayforboston: Analyzing Fake Content on Twitter},
  shorttitle = {\$1.00 per Rt \#bostonmarathon \#prayforboston},
  booktitle = {2013 APWG ECrime Researchers Summit},
  author = {Gupta, Aditi and Lamba, Hemank and Kumaraguru, Ponnurangam},
  year = {2013},
  pages = {1--12},
  publisher = {IEEE}
}




@article{starbird_rumors_2014,
  title = {Rumors, False Flags, and Digital Vigilantes: Misinformation on Twitter after the 2013 Boston Marathon Bombing},
  shorttitle = {Rumors, False Flags, and Digital Vigilantes},
  author = {Starbird, Kate and Maddock, Jim and Orand, Mania and Achterman, Peg and Mason, Robert M.},
  year = {2014},
  publisher = {iSchools},
  journal = {IConference 2014 Proceedings}
}



@article{williamsTextMixingShapes2015,
  title = {Text mixing shapes the anatomy of rank-frequency distributions},
  author = {Williams, Jake Ryland and Bagrow, James P. and Danforth, Christopher M. and Dodds, Peter Sheridan},
  year = {2015},
  month = may,
  volume = {91},
  pages = {052811},
  publisher = {American Physical Society},
  doi = {10.1103/PhysRevE.91.052811},
  journal = {Physical Review E},
  number = {5}
}



