
@misc{shearerAmericansAreWary2019,
  title = {Americans {{Are Wary}} of the {{Role Social Media Sites Play}} in {{Delivering}} the {{News}}},
  abstract = {Getting news from social media is an increasingly common experience; nearly three-in-ten U.S. adults do so often.},
  language = {en-US},
  journal = {Pew Research Center's Journalism Project},
  author = {Shearer, Elisa and Grieco, Elizabeth},
  month = oct,
  year = {2019},
  file = {/Users/tobinsouth_imac/Zotero/storage/UBQ7QIH6/americans-are-wary-of-the-role-social-media-sites-play-in-delivering-the-news.html}
}


