
@misc{tranFourthEstateFinal2016,
  title = {The Fourth Estate As The Final Check},
  author = {Tran, Delbert},
  year = {2016},
  month = nov,
  journal = {Yale Law School}
}



@article{odonovanValueOffshoreSecrets2019,
  title = {Value of Offshore Secrets: Evidence from the Panama Papers},
  author = {O'Donovan, James and Wagner, Hannes F and Zeume, Stefan},
  year = {2019},
  month = feb,
  volume = {32},
  pages = {4117--4155},
  doi = {10.1093/rfs/hhz017},
  journal = {The Review of Financial Studies},
  number = {11}
}





@article{godleeWakefieldArticleLinking2011,
  title = {Wakefield's article linking MMR vaccine and autism was fraudulent},
  author = {Godlee, Fiona and Smith, Jane and Marcovitch, Harvey},
  year = {2011},
  volume = {342},
  publisher = {BMJ Publishing Group Ltd},
  issn = {0959-8138},
  doi = {10.1136/bmj.c7452},
  elocation-id = {c7452},
  eprint = {https://www.bmj.com/content},
  journal = {BMJ (Clinical Research Ed.)}
}



@book{jones2001censorship,
  title = {Censorship: A World Encyclopedia},
  author = {Jones, D.},
  year = {2001},
  publisher = {Taylor \& Francis},
  isbn = {978-1-136-79864-1}
}



@article{skinnerSocialMediaRevolution2011,
  title = {Social media and revolution: The Arab spring and the occupy movement as seen through three information studies paradigms},
  shorttitle = {Social media and revolution},
  author = {Skinner, Julia},
  year = {2011},
  volume = {11},
  pages = {2--26},
  journal = {Working Papers on Information Systems},
  number = {169}
}



@inproceedings{gruhlInformationDiffusionBlogspace2004,
  title = {Information diffusion through blogspace},
  booktitle = {Proceedings of the 13th international conference on World Wide Web},
  author = {Gruhl, Daniel and Guha, R. and {Liben-Nowell}, David and Tomkins, Andrew},
  year = {2004},
  month = may,
  pages = {491--501},
  publisher = {Association for Computing Machinery},
  address = {New York, NY, USA},
  doi = {10.1145/988672.988739},
  isbn = {978-1-58113-844-3},
  series = {WWW '04}
}



@article{wuInformationFlowSocial2004,
  title = {Information flow in social groups},
  author = {Wu, Fang and Huberman, Bernardo A. and Adamic, Lada A. and Tyler, Joshua R.},
  year = {2004},
  month = jun,
  volume = {337},
  pages = {327--335},
  issn = {0378-4371},
  doi = {10.1016/j.physa.2004.01.030},
  journal = {Physica A: Statistical Mechanics and its Applications},
  number = {1}
}




@article{allenInformationFlowResearch1969,
  title = {Information Flow in Research and Development Laboratories},
  author = {Allen, Thomas J. and Cohen, Stephen I.},
  year = {1969},
  volume = {14},
  pages = {12--19},
  publisher = {[Sage Publications, Inc., Johnson Graduate School of Management, Cornell University]},
  issn = {00018392},
  doi = {10.2307/2391357},
  journal = {Administrative Science Quarterly},
  number = {1}
}


@article{castellanoStatisticalPhysicsSocial2009,
  title = {Statistical physics of social dynamics},
  author = {Castellano, Claudio and Fortunato, Santo and Loreto, Vittorio},
  year = {2009},
  month = may,
  volume = {81},
  pages = {591--646},
  publisher = {American Physical Society},
  doi = {10.1103/RevModPhys.81.591},
  journal = {Reviews of Modern Physics},
  number = {2}
}


@article{vosoughiSpreadTrueFalse2018,
  title = {The spread of true and false news online},
  author = {Vosoughi, Soroush and Roy, Deb and Aral, Sinan},
  year = {2018},
  month = mar,
  volume = {359},
  pages = {1146--1151},
  issn = {0036-8075, 1095-9203},
  doi = {10.1126/science.aap9559},
  journal = {Science},
  number = {6380}
}






@inproceedings{versteegInformationTransferSocial2012,
  title = {Information transfer in social media},
  booktitle = {Proceedings of the 21st international conference on World Wide Web},
  author = {Ver Steeg, Greg and Galstyan, Aram},
  year = {2012},
  pages = {509--518},
  publisher = {Association for Computing Machinery},
  address = {Lyon, France}
}



@article{pondComplexContagionFeatures2020,
  title = {Complex Contagion Features without Social Reinforcement in a Model of Social Information Flow},
  author = {Pond, Tyson and Magsarjav, Saranzaya and South, Tobin and Mitchell, Lewis and Bagrow, James P.},
  year = {2020},
  month = mar,
  volume = {22},
  pages = {265},
  publisher = {Multidisciplinary Digital Publishing Institute},
  doi = {10.3390/e22030265},
  copyright = {http://creativecommons.org/licenses/by/3.0/},
  journal = {Entropy},
  number = {3}
}






@article{nyquist1924certain,
  title={Certain factors affecting telegraph speed},
  author={Nyquist, Harry},
  journal={Transactions of the American Institute of Electrical Engineers},
  volume={43},
  pages={412--422},
  year={1924},
  publisher={IEEE}
}




@article{hartley1928transmission,
  title={Transmission of information},
  author={Hartley, RVL},
  journal={The Bell System Technical Journal},
  volume={7},
  number={3},
  pages={535--563},
  year={1928},
  publisher={Nokia Bell Labs}
}




@article {michelQuantitative2011,
  author = {Michel, Jean-Baptiste and Shen, Yuan Kui and Aiden, Aviva Presser and Veres, Adrian and Gray, Matthew K. and , and Pickett, Joseph P. and Hoiberg, Dale and Clancy, Dan and Norvig, Peter and Orwant, Jon and Pinker, Steven and Nowak, Martin A. and Aiden, Erez Lieberman},
  title = {Quantitative Analysis of Culture Using Millions of Digitized Books},
  volume = {331},
  number = {6014},
  pages = {176--182},
  year = {2011},
  doi = {10.1126/science.1199644},
  publisher = {American Association for the Advancement of Science},
  issn = {0036-8075},
  URL = {https://science.sciencemag.org/content/331/6014/176},
  eprint = {https://science.sciencemag.org/content/331/6014/176.full.pdf},
  journal = {Science}
}

@article{patriciaChanging2013,
author = {Patricia M. Greenfield},
title ={The Changing Psychology of Culture From 1800 Through 2000},
journal = {Psychological Science},
volume = {24},
number = {9},
pages = {1722-1731},
year = {2013},
doi = {10.1177/0956797613479387},
}


@article{pechenick2015characterizing,
  title={Characterizing the Google Books corpus: Strong limits to inferences of socio-cultural and linguistic evolution},
  author={Pechenick, Eitan Adam and Danforth, Christopher M and Dodds, Peter Sheridan},
  journal={PloS ONE},
  volume={10},
  number={10},
  pages={e0137041},
  year={2015},
  publisher={Public Library of Science}
}



@article{haleNetIncreaseCrossLingual2012,
  title = {Net Increase? Cross-Lingual Linking in the Blogosphere},
  author = {Hale, Scott A.},
  year = {2012},
  month = jan,
  volume = {17},
  pages = {135--151},
  issn = {1083-6101},
  doi = {10.1111/j.1083-6101.2011.01568.x},
  journal = {Journal of Computer-Mediated Communication},
  number = {2}
}



@article{skinnerSocialMediaRevolution2011,
  title = {Social media and revolution: The Arab spring and the occupy movement as seen through three information studies paradigms},
  shorttitle = {Social media and revolution},
  author = {Skinner, Julia},
  year = {2011},
  volume = {11},
  pages = {2--26},
  journal = {Working Papers on Information Systems},
  number = {169}
}


@article{barberaTweetingLeftRight2015,
  title = {Tweeting From Left to Right: Is Online Political Communication More Than an Echo Chamber?},
  shorttitle = {Tweeting From Left to Right},
  author = {Barber{\'a}, Pablo and Jost, John T. and Nagler, Jonathan and Tucker, Joshua A. and Bonneau, Richard},
  year = {2015},
  month = oct,
  volume = {26},
  pages = {1531--1542},
  issn = {0956-7976, 1467-9280},
  doi = {10.1177/0956797615594620},
  journal = {Psychological Science},
  number = {10}
}







