
@article{bagrow_quoter_2018,
  title = {The Quoter Model: A Paradigmatic Model of the Social Flow of Written Information},
  shorttitle = {The Quoter Model},
  author = {Bagrow, James P. and Mitchell, Lewis},
  year = {2018},
  month = jul,
  volume = {28},
  pages = {075304},
  issn = {1054-1500},
  doi = {10.1063/1.5011403},
  journal = {Chaos: An Interdisciplinary Journal of Nonlinear Science},
  number = {7}
}


@article{graham_concrete_1989,
  title = {Concrete Mathematics: A Foundation for Computer Science},
  shorttitle = {Concrete Mathematics},
  author = {Graham, Ronald L. and Knuth, Donald E. and Patashnik, Oren},
  year = {1989},
  volume = {3},
  pages = {106--107},
  publisher = {American Institute of Physics},
  journal = {Computers in Physics},
  number = {5}
}



@article{watts_collective_1998,
  title = {Collective Dynamics of `Small-World' Networks},
  author = {Watts, Duncan J. and Strogatz, Steven H.},
  year = {1998},
  month = jun,
  volume = {393},
  pages = {440--442},
  publisher = {Nature Publishing Group},
  issn = {1476-4687},
  doi = {10.1038/30918},
  copyright = {1998 Macmillan Magazines Ltd.},
  journal = {Nature},
  language = {en},
  number = {6684}
}


