@article{south_centrality_2021,
  title = {Popularity and Centrality in Spotify Networks: Critical transitions in eigenvector centrality},
  author = {South, Tobin and Roughan, Matthew and Mitchell, Lewis},
  year = {2021},
  journal = {Complex Networks}
}





@inproceedings{ng_link_2001,
  title = {Link Analysis, Eigenvectors and Stability},
  booktitle = {International Joint Conference on Artificial Intelligence},
  author = {Ng, Andrew Y. and Zheng, Alice X. and Jordan, Michael I.},
  year = {2001},
  volume = {17},
  pages = {903--910},
  publisher = {Lawrence Erlbaum Associates Ltd}
}



@book{langville_whos_2012,
  title = {Who's \#1?: The Science of Rating and Ranking},
  shorttitle = {Who's \#1?},
  author = {Langville, Amy N. and Meyer, Carl D.},
  year = {2012},
  publisher = {Princeton University Press},
  isbn = {978-0-691-15422-0}
}



@article{costenbader_stability_2003,
  title = {The Stability of Centrality Measures When Networks Are Sampled},
  author = {Costenbader, Elizabeth and Valente, Thomas W},
  year = {2003},
  month = oct,
  volume = {25},
  pages = {283--307},
  issn = {0378-8733},
  doi = {10.1016/S0378-8733(03)00012-1},
  journal = {Social Networks},
  keywords = {Centrality,Sampling,Simulation,Social networks,Surveys},
  number = {4}
}



@article{niu_robustness_2015,
  title = {Robustness of Centrality Measures against Network Manipulation},
  author = {Niu, Qikai and Zeng, An and Fan, Ying and Di, Zengru},
  year = {2015},
  volume = {438},
  pages = {124--131},
  issn = {0378-4371},
  doi = {10.1016/j.physa.2015.06.031},
  journal = {Physica A: Statistical Mechanics and its Applications}
}



@techreport{page_pagerank_1999,
  title = {The PageRank Citation Ranking: Bringing Order to the Web.},
  shorttitle = {The PageRank Citation Ranking},
  author = {Page, Lawrence and Brin, Sergey and Motwani, Rajeev and Winograd, Terry},
  year = {1999},
  institution = {Stanford InfoLab},
  type = {Technical Report}
}


@article{brin_anatomy_1998,
  title = {The Anatomy of a Large-Scale Hypertextual Web Search Engine},
  author = {Brin, Sergey and Page, Lawrence},
  year = {1998},
  volume = {30},
  pages = {107--117},
  journal = {Computer Networks}
}


@book{langville_whos_2012,
  title = {Who's \#1?: The Science of Rating and Ranking},
  shorttitle = {Who's \#1?},
  author = {Langville, Amy N. and Meyer, Carl D.},
  year = {2012},
  publisher = {Princeton University Press},
  isbn = {978-0-691-15422-0}
}


@phdthesis{massey_statistical_1997,
  title = {Statistical Models Applied to the Rating of Sports Teams},
  author = {Massey, Kenneth},
  year = {1997},
  school = {Bluefield College},
  type = {Bachelor's Thesis}
}


@book{elo_rating_1978,
  title = {The Rating of Chessplayers, Past and Present},
  author = {Elo, Arpad E.},
  year = {1978},
  publisher = {Arco Pub.},
  isbn = {978-0-923891-27-5}
}




@article{hirsch_index_2005,
  title = {An Index to Quantify an Individual's Scientific Research Output},
  author = {Hirsch, Jorge E.},
  year = {2005},
  volume = {102},
  publisher = {National Acad Sciences},
  journal = {Proceedings of the National academy of Sciences},
  number = {46}
}


@article{alonso_h-index_2009,
  title = {H-Index: A Review Focused in Its Variants, Computation and Standardization for Different Scientific Fields},
  shorttitle = {H-Index},
  author = {Alonso, S. and Cabrerizo, F. J. and {Herrera-Viedma}, E. and Herrera, F.},
  year = {2009},
  month = oct,
  volume = {3},
  pages = {273--289},
  issn = {1751-1577},
  doi = {10.1016/j.joi.2009.04.001},
  journal = {Journal of Informetrics},
  keywords = {Bibliometric indicators,h-Index},
  language = {en},
  number = {4}
}





@article{BarrowRankingRankings2013,
author = {Daniel Barrow and Ian Drayer and Peter Elliott and Garren Gaut and Braxton Osting},
doi = {doi:10.1515/jqas-2013-0013},
title = {Ranking rankings: an empirical comparison of the predictive power of sports ranking methods},
journal = {Journal of Quantitative Analysis in Sports},
number = {2},
volume = {9},
year = {2013},
pages = {187--202}
}





